<?xml version="1.0" encoding="UTF-8"?><collection xmlns="http://www.loc.gov/MARC21/slim"><record><leader>00330nam--2200121-i-4500</leader><controlfield tag="001">000047636</controlfield><controlfield tag="002">20161230</controlfield><controlfield tag="005">20161230201046</controlfield><controlfield tag="008">060222s1000------------r-----000-0-eng-d</controlfield><datafield ind1=" " ind2=" " tag="245"><subfield code="a">World nuclear directory. an international reference book 1961</subfield></datafield><datafield ind1=" " ind2=" " tag="260"><subfield code="a">London, Vallancey Press, 1960, 510p</subfield></datafield><datafield ind1=" " ind2=" " tag="700"><subfield code="a">Haslett,A.W</subfield></datafield><datafield ind1=" " ind2=" " tag="852"><subfield code="a">D.1047</subfield></datafield></record></collection>